@inproceedings{pelleg2000x,
  title={X-means: Extending K-means with Efficient Estimation of the Number of Clusters.},
  author={Pelleg, Dan and Moore, Andrew W and others},
  booktitle={ICML},
  volume={1},
  pages={727--734},
  year={2000}
}
